@article{AZUMA2010,
	author = {Azuma, Hiroo},
	doi = {10.1142/S0129183110015658},
	file = {:C$\backslash$:/Users/diego/Documents/Mendeley Desktop/Azuma - 2010 - Application of Abel–Plana Formula for Collapse and Revival of Rabi Oscillations in Jaynes–Cummings Model.pdf:pdf},
	issn = {0129-1831},
	journal = {International Journal of Modern Physics C},
	keywords = {02,03,30,42,50,70,abel,cavity quantum electrodynamics,collapse and revival of,ct,cummings model,jaynes,k,lt,pacs nos,plana formula,pq,rabi oscillations},
	mendeley-groups = {rabi},
	number = {08},
	pages = {1021--1049},
	title = {{Application of Abel–Plana Formula for Collapse and Revival of Rabi Oscillations in Jaynes–Cummings Model}},
	url = {http://www.worldscientific.com/doi/abs/10.1142/S0129183110015658},
	volume = {21},
	year = {2010}
}
@incollection{Gerry2005,
	address = {Cambridge},
	author = {Gerry, Christopher and Knight, Peter},
	chapter = {2},
	edition = {1},
	file = {:C$\backslash$:/Users/diego/Documents/Mendeley Desktop/Gerry, Knight - 2005 - Introductory Quantum Optics.djvu:djvu},
	mendeley-groups = {rabi},
	pages = {316},
	publisher = {Cambridge University PRess},
	title = {{Introductory Quantum Optics}},
	year = {2005}
}
@article{Hilsenbeck1992,
	author = {Hilsenbeck, J},
	file = {:C$\backslash$:/Users/diego/Documents/Mendeley Desktop/Hilsenbeck - 1992 - Asymptotic approximations for the Q function in the Jaynes-Cummings model.pdf:pdf},
	journal = {The American Phyical Society},
	mendeley-groups = {rabi},
	number = {7},
	pages = {4323--4334},
	title = {{Asymptotic approximations for the Q function in the Jaynes-Cummings model}},
	volume = {46},
	year = {1992}
}
@incollection{Steck2007,
	address = {Oregon},
	author = {Steck, Daniel Adam},
	booktitle = {Book},
	chapter = {5},
	file = {:C$\backslash$:/Users/diego/Documents/Mendeley Desktop/Steck - 2007 - Quantum and Atom Optics.pdf:pdf},
	keywords = {Light Matter,Text Book,Thermal,Weisskopf-Wigner Theory},
	mendeley-groups = {rabi},
	pages = {807},
	publisher = {University of Oregon},
	title = {{Quantum and Atom Optics}},
	year = {2007}
}
@article{Gea-Banacloche1988,
	author = {Gea-Banacloche, J. and Schlicher, R. R. and S., Zubairy M.},
	file = {:C$\backslash$:/Users/diego/Documents/Mendeley Desktop/Gea-Banacloche, Schlicher, S. - 1988 - Emission spectra of an atom in a cavity in the presence of a squeezed vacuum.pdf:pdf},
	journal = {The American Physical Society},
	mendeley-groups = {rabi},
	number = {7},
	pages = {3514--3521},
	title = {{Emission spectra of an atom in a cavity in the presence of a squeezed vacuum}},
	volume = {38},
	year = {1988}
}
